@ONLINE{2017_manbearpig_repository,
  title={{The \textsc{manbearpig} source code repository {@ONLINE}}},
  year={2017},
  url={https://github.com/darkhelmet/manbearpig}
}

@ONLINE{2017_mutator_repository,
  title={{The \textsc{mutator} source code repository {@ONLINE}}},
  year={2017},
  url={https://github.com/kisielk/mutator}
}

@ONLINE{2017_go-mutesting_repository,
  title={{The \textsc{go-mutesting} source code repository {@ONLINE}}},
  year={2017},
  url={https://github.com/zimmski/go-mutesting}
}

@ONLINE{2017_Golang-Mutaton-testing_repository,
  title={{The \textsc{Golang-Mutaton-testing} source code repository {@ONLINE}}},
  year={2017},
  url={https://github.com/StefanSchroeder/Golang-Mutation-testing}
}

@ONLINE{2017_tavor-complete-example,
  title={{A complete example of \textsc{Tavor} {@ONLINE}}},
  year={2017},
  url={https://github.com/zimmski/tavor/blob/master/doc/complete-example.md}
}

@ONLINE{2017_go_spec,
  title={{The \textsc{Go} programming language specification {@ONLINE}}},
  year={2017},
  url={https://golang.org/ref/spec}
}

@ONLINE{2017_aig_fuzz,
  title={{The aigfuzz fuzzer for the AIGER ASCII format {@ONLINE}}},
  year={2017},
  url={https://github.com/johnyf/aiger_tools/blob/master/aigfuzz.c}
}

@ONLINE{2017_llvm_code_coverage,
  title={{The LLVM source-based code coverage documentation {@ONLINE}}},
  year={2017},
  url={https://clang.llvm.org/docs/SourceBasedCodeCoverage.html}
}

@inproceedings{brummayer2009fuzzing,
  title={{Fuzzing and delta-debugging SMT solvers}},
  author={Brummayer, Robert and Biere, Armin},
  booktitle={Proceedings of the 7th International Workshop on Satisfiability Modulo Theories},
  pages={1--5},
  year={2009},
  organization={ACM}
}

@techreport{biere2007aiger,
  title={{The AIGER And-Inverter Graph (AIG) Format Version 20070427}},
  author={Armin Biere},
  year={2007},
    institution={Johannes Kepler University}
}

@inproceedings{brummayer2010automated,
  title={{Automated testing and debugging of SAT and QBF solvers}},
  author={Brummayer, Robert and Lonsing, Florian and Biere, Armin},
  booktitle={International Conference on Theory and Applications of Satisfiability Testing},
  pages={44--57},
  year={2010},
  organization={Springer}
}

@article{demillo1978hints,
  title={{Hints on test data selection: Help for the practicing programmer}},
  author={DeMillo, Richard A and Lipton, Richard J and Sayward, Frederick G},
  journal={Computer},
  volume={11},
  number={4},
  pages={34--41},
  year={1978},
  publisher={IEEE}
}

@book{fewster1999software,
  title={{Software test automation}},
  author={Fewster, Mark and Graham, Dorothy},
  year={1999},
  publisher={Addison-Wesley Professional}
}

@article{jia2011analysis,
  title={{An analysis and survey of the development of mutation testing}},
  author={Jia, Yue and Harman, Mark},
  journal={IEEE transactions on software engineering},
  volume={37},
  number={5},
  pages={649--678},
  year={2011},
  publisher={IEEE}
}

@techreport{mcnally2012fuzzing,
  title={{Fuzzing: the state of the art}},
  author={McNally, Richard and Yiu, Ken and Grove, Duncan and Gerhardy, Damien},
  year={2012},
  institution={DTIC Document}
}

@techreport{miller1995fuzz,
  title={{Fuzz revisited: A re-examination of the reliability of UNIX utilities and services}},
  author={Miller, Barton P and Koski, David and Lee, Cjin Pheow and Maganty, Vivekananda and Murthy, Ravi and Natarajan, Ajitkumar and Steidl, Jeff},
  year={1995},
  institution={Technical Report CS-TR-1995-1268, University of Wisconsin}
}

@article{miller2007analysis,
  title={{Analysis of mutation and generation-based fuzzing}},
  author={Miller, Charlie and Peterson, Zachary NJ},
  journal={Independent Security Evaluators, Tech. Rep},
  year={2007}
}

@inproceedings{misherghi2006hdd,
  title={{HDD: hierarchical delta debugging}},
  author={Misherghi, Ghassan and Su, Zhendong},
  booktitle={Proceedings of the 28th international conference on Software engineering},
  pages={142--151},
  year={2006},
  organization={ACM}
}

@book{sutton2007fuzzing,
  title={{Fuzzing: brute force vulnerability discovery}},
  author={Sutton, Michael and Greene, Adam and Amini, Pedram},
  year={2007},
  publisher={Pearson Education}
}

@book{takanen2008fuzzing,
  title={{Fuzzing for software security testing and quality assurance}},
  author={Takanen, Ari and Demott, Jared D and Miller, Charles},
  year={2008},
  publisher={Artech House}
}

@book{utting2010practical,
  title={{Practical model-based testing: a tools approach}},
  author={Utting, Mark and Legeard, Bruno},
  year={2010},
  publisher={Morgan Kaufmann}
}

@book{zeller2009programs,
  title={{Why programs fail: a guide to systematic debugging}},
  author={Zeller, Andreas},
  year={2009},
  publisher={Elsevier}
}
